@incollection{Ingalls2008LKS,
 author = {Ingalls, Daniel and Palacz, Krzysztof and Uhler, Stephen
and Taivalsaari, Antero and Mikkonen, Tommi},
 chapter = {{The Lively Kernel--A Self-supporting System on a Web Page}},
 title = {{Self-Sustaining Systems}},
 editor = {Hirschfeld, Robert and Rose, Kim},
 year = {2008},
 month = {May},
 pages = {31--50},
 numpages = {20},
 publisher = {Springer},
}

@inproceedings{wolber2011app,
  title={App inventor and real-world motivation},
  author={Wolber, D.},
  booktitle={Proceedings of the 42nd ACM technical symposium on Computer science education},
  pages={601--606},
  year={2011},
  organization={ACM}
}

@inproceedings{victor2012inventing,
  title={Inventing on Principle},
  author={Victor, B.},
  booktitle={Invited Talk at Canadian University Software Engineering Conference (CUSEC)},
  url ={http://www.ritholtz.com/blog/2012/02/bret-victor-inventing-on-principle/},
  year={2012}
}